<?xml version="1.0" encoding="UTF-8"?><collection xmlns="http://www.loc.gov/MARC21/slim"><record><leader>00799nam--2200217-u-4500</leader><controlfield tag="001">000053328</controlfield><controlfield tag="002">20161230</controlfield><controlfield tag="005">20161230201051</controlfield><controlfield tag="008">110314s1000------------r-----000-0-eng-d</controlfield><datafield ind1=" " ind2=" " tag="020"><subfield code="a">0821833294</subfield></datafield><datafield ind1=" " ind2=" " tag="040"><subfield code="a">IFIN-HH</subfield></datafield><datafield ind1=" " ind2=" " tag="080"><subfield code="a">530.145:531:512.54</subfield></datafield><datafield ind1="1" ind2=" " tag="100"><subfield code="a">Tempesta, P</subfield></datafield><datafield ind1="1" ind2="0" tag="245"><subfield code="a">Superintegrability in classical and quantum systems</subfield><subfield code="b">Workshop on superintegrability in classical and quantum systems (2002; montreal quebec)</subfield><subfield code="c">P. tempesta; p. winternitz; j. harnad; w. miller, jr. g. pogosyan; m. rodriguez (eds.)</subfield></datafield><datafield ind1=" " ind2=" " tag="260"><subfield code="a">Providence, Rhode Island</subfield><subfield code="b">American Mathematical Society</subfield><subfield code="c">2004</subfield></datafield><datafield ind1=" " ind2=" " tag="300"><subfield code="a">347P</subfield></datafield><datafield ind1=" " ind2=" " tag="490"><subfield code="a">Crm Proccedings And Lecture Notes</subfield><subfield code="v">Vol. 37</subfield></datafield><datafield ind1=" " ind2="4" tag="650"><subfield code="a">Quantum Theory</subfield></datafield><datafield ind1="1" ind2=" " tag="700"><subfield code="a">Rodriguez, M</subfield><subfield code="e">Ed</subfield></datafield><datafield ind1=" " ind2=" " tag="852"><subfield code="a">81783</subfield><subfield code="c">519.4/5</subfield></datafield><datafield ind1=" " ind2=" " tag="CAT"><subfield code="a">Sys</subfield><subfield code="c">20110314</subfield><subfield code="h">143231</subfield></datafield></record></collection>